<?xml version="1.0" encoding="UTF-8"?>
<record xmlns="http://www.loc.gov/MARC21/slim" xmlns:xsi="http://www.w3.org/2001/XMLSchema-instance" xsi:schemaLocation="http://www.loc.gov/MARC21/slim http://www.loc.gov/standards/marcxml/schema/MARC21slim.xsd">
<leader>00000cam a22      a 4500</leader>
<controlfield tag="001">001682333</controlfield>
<controlfield tag="003">NNU</controlfield>
<controlfield tag="005">20150121182008.0</controlfield>
<controlfield tag="008">920626m19539999mr       b    000 0 ara d</controlfield>
<datafield tag="035" ind1=" " ind2=" ">
<subfield code="a">(OCoLC)46340773</subfield>
</datafield>
<datafield tag="040" ind1=" " ind2=" ">
<subfield code="a">EQO</subfield>
<subfield code="c">EQO</subfield>
<subfield code="d">OCLCG</subfield>
<subfield code="d">JPG</subfield>
<subfield code="d">OCLCQ</subfield>
<subfield code="d">OCLCA</subfield>
<subfield code="d">OCLCF</subfield>
<subfield code="d">OCLCO</subfield>
<subfield code="d">NNU</subfield>
</datafield>
<datafield tag="050" ind1=" " ind2="4">
<subfield code="a">BP80.I215</subfield>
<subfield code="b">B56 1953</subfield>
</datafield>
<datafield tag="100" ind1="1" ind2=" ">
<subfield code="a">Bin-ʻAbd Allāh, ʻAbd al-ʻAzīz</subfield>
<subfield code="6">880-01</subfield>
</datafield>
<datafield tag="245" ind1="1" ind2="3">
<subfield code="6">880-02</subfield>
<subfield code="a">al-Falsafah wa-al-akhlāq ʻinda Ibn al-Khaṭīb /</subfield>
<subfield code="c">bi-qalam ʻAbd al-ʻAzīz ibn ʻAbd Allāh.</subfield>
</datafield>
<datafield tag="260" ind1=" " ind2=" ">
<subfield code="6">880-03</subfield>
<subfield code="a">Tiṭwān :</subfield>
<subfield code="b">Dār al-Ṭibāʻah al-Maghribīyah,</subfield>
<subfield code="c">1953-</subfield>
</datafield>
<datafield tag="300" ind1=" " ind2=" ">
<subfield code="a">v. ;</subfield>
<subfield code="c">22 cm.</subfield>
</datafield>
<datafield tag="500" ind1=" " ind2=" ">
<subfield code="a">Title on p. [4] of cover: La filosofía y la moral en Ibn Al-Jaṭīb.</subfield>
</datafield>
<datafield tag="504" ind1=" " ind2=" ">
<subfield code="a">Includes bibliographical references.</subfield>
</datafield>
<datafield tag="600" ind1="0" ind2="0">
<subfield code="6">880-04</subfield>
<subfield code="a">Ibn al-Khaṭīb,</subfield>
<subfield code="d">1313-1374.</subfield>
</datafield>
<datafield tag="650" ind1=" " ind2="0">
<subfield code="a">Islamic philosophy.</subfield>
</datafield>
<datafield tag="600" ind1="0" ind2="7">
<subfield code="a">Ibn al-Khaṭīb,</subfield>
<subfield code="d">1313-1374.</subfield>
<subfield code="2">fast</subfield>
<subfield code="0">(OCoLC)fst01898264</subfield>
</datafield>
<datafield tag="650" ind1=" " ind2="7">
<subfield code="a">Islamic philosophy.</subfield>
<subfield code="2">fast</subfield>
<subfield code="0">(OCoLC)fst01730358</subfield>
</datafield>
<datafield tag="740" ind1="0" ind2=" ">
<subfield code="a">Filosofia y la moral en Ibn Al-Jaṭīb.</subfield>
</datafield>
<datafield tag="880" ind1="1" ind2=" ">
<subfield code="6">100-01/</subfield>
<subfield code="a">بنعبد الله، عبد العزيز.</subfield>
</datafield>
<datafield tag="880" ind1="1" ind2="2">
<subfield code="6">245-02/</subfield>
<subfield code="a">الفلسفة والأخلاق عند إبن الخطيب /</subfield>
<subfield code="c">بقلم عبد العزيز بن عبد الله.</subfield>
</datafield>
<datafield tag="880" ind1=" " ind2=" ">
<subfield code="6">260-03/</subfield>
<subfield code="a">تطوان :</subfield>
<subfield code="b">دار الطباعة المغربية،</subfield>
<subfield code="c">1953-</subfield>
</datafield>
<datafield tag="880" ind1="0" ind2="4">
<subfield code="6">600-04/</subfield>
<subfield code="a">ابن الخطيب،</subfield>
<subfield code="d">1313-1374.</subfield>
</datafield>
<datafield tag="OWN" ind1=" " ind2=" ">
<subfield code="a">GENERAL</subfield>
</datafield>
<datafield tag="AVA" ind1=" " ind2=" ">
<subfield code="a">NYU50</subfield>
<subfield code="b">BOBST</subfield>
<subfield code="c">Main Collection</subfield>
<subfield code="d">BJ1291 .B53</subfield>
<subfield code="e">unavailable</subfield>
<subfield code="t">Unavailable</subfield>
<subfield code="f">1</subfield>
<subfield code="g">1</subfield>
<subfield code="h">N</subfield>
<subfield code="i">0</subfield>
<subfield code="j">MAIN</subfield>
<subfield code="k">0</subfield>
</datafield>
</record>
